@misc{bmp,
  title = {{BMP file format}},
  howpublished = "\url{https://en.wikipedia.org/wiki/BMP_file_format}",
  note = "[Online; dostêp \today]"
	
}

@misc{userguide,
  title = {{IA-32 Intel Architecture Software Developer's Manual}},
  howpublished = "\url{http://zak.ict.pwr.wroc.pl/materials/architektura/laboratorium%20AK2/Dokumentacja/Intel%20Penium%20IV/}",
  note = "[Online; dostêp \today]"
}

@misc{zak,
  title = {{Strona internetowa: Zak³ad Architektury Komputerów}},
  howpublished = "\url{http://zak.ict.pwr.wroc.pl/materials/architektura/laboratorium%20AK2/MMX/}",
  note = "[Online; dostêp \today]"
}

%\bibitem{userguide} 
%\textit{}\\ \[dostêpny w wersji elektronicznej: \url{}\]. \\

%\bibitem{zak}
%Strona internetowa:
%\url{} \[dostêp \today\].\\